2054 3076
145 116 197 172 184
226 108 229 120 ’
324 119 364 174 Μ.
387 119 473 177 ΕΔΒ.
496 115 778 196 (sustinuistis

143 223 296 287 orationes,
318 224 475 282 Tuberonis
486 225 514 276 iu
525 225 678 292 Ligarium
701 232 730 278 ot
741 223 895 280 Hortensii
905 237 954 296 pro

130 293 242 346 'Verre
262 296 437 358 Quinetiam,
449 295 559 348 eusdem
572 311 670 346 causas
681 301 712 346 ut
723 298 842 362 quisque
854 297 954 365 egerit,

142 363 214 415 utile
234 363 288 415 erit
306 365 386 417 scire.
420 363 492 428 lium
505 363 632 416 dedomo
645 365 785 416 Ciceronis
798 365 953 418 dixitCeli·

136 432 219 496 dius:
230 440 260 486 et
271 449 321 501 pro
335 435 441 485 lllilone
452 435 608 485 orationem
620 433 725 484 Brutus
737 435 950 488 exercitationis

142 505 236 570 gratis
247 503 372 570 scripsit,
393 504 504 555 etiamsi
516 504 606 570 egisse
622 519 684 556 eum
698 505 845 556 Cornelius
857 505 949 557 Celsus

142 571 216 624 falso
233 575 386 625 existimat.
422 573 465 624 24.
485 575 521 626 Et
533 571 666 640 Pollipet
674 573 811 628 Messalla
823 573 949 628 defende·

142 648 208 694 runt
220 643 345 704 eosdem,
367 648 397 694 et
412 643 491 694 nobis
503 645 597 711 pueris
611 644 734 709 insignes
745 659 797 709 pro
809 644 947 697 Voluseno

143 712 254 774 Catulo,
269 711 387 764 Domitii
397 712 465 776 sfri,
479 713 572 780 Crispi
585 712 723 775 Passieni,
737 713 851 766 Decimi
862 713 948 765 Laelii
985 710 991 747 :

132 783 285 853 ¹orationes
304 783 474 834 terebantur.
512 779 608 850 Neque
623 783 652 833 id
664 783 759 834 statim
772 784 880 850 legenti
892 798 947 848 per·

143 867 256 904 suasum
278 853 328 914 sit,
349 852 455 916 omnis,
474 867 550 919 pune
566 853 661 920 magni
678 859 808 904 suctores
820 851 947 912 dixerint,

141 922 239 988 utique
249 938 310 974 esse
321 921 454 988 perlecta.
486 921 558 973 Nam
569 929 597 974 et
609 923 739 974 lnbuotur
749 923 912 992 aliquando,
923 929 948 976 et

142 991 342 1052 meridedum,
361 998 390 1044 et
400 991 548 1062 indulgent
560 993 738 1060 ingeniorum
746 1009 863 1045 suorum
876 993 947 1044 volu·
992 1019 996 1028 ·

162 1061 227 1112 tuti:
240 1077 290 1114 nec
300 1077 410 1128 semper
418 1061 709 1116 intenduntanimum:
722 1071 947 1131 etnonnunquuns

140 1075 310 1200 fatigantur:
332 1147 415 1199 quum
436 1131 563 1184 Ciceroni
585 1133 739 1184 dormitare
761 1133 876 1206 interim
897 1131 948 1186 Ile·
1005 1135 1008 1178 ἱ

141 1201 316 1264 mosthenes,
332 1201 451 1254 lloretio
464 1215 530 1254 uero
542 1203 624 1253 etiam
637 1199 776 1254 Homerus
789 1202 848 1269 ipse
860 1201 948 1254 rides·
1006 1199 1009 1266 ξ

125 1270 199 1324 ‘ton
218 1273 276 1325 '25.
288 1271 393 1323 Summi
406 1273 478 1323 enim
490 1278 563 1333 sunt,
575 1271 699 1324 homines
711 1279 817 1324 tannen:
839 1271 950 1324 accidit·

144 1357 197 1410 que
208 1341 260 1404 his,
283 1341 337 1410 qui,
349 1340 563 1410 quioquid'opud
575 1338 641 1392 illos
651 1343 819 1409 reperietur,
841 1341 951 1410 dicendi
1010 1397 1011 1402 ,

141 1409 233 1480 legem
254 1417 368 1478 putant,
388 1416 420 1461 ut
432 1409 572 1462 (interiora
582 1411 741 1474 imitentur,
762 1411 810 1476 (id
822 1413 897 1466 enim
910 1417 951 1466 est
1005 1407 1011 1442 ⁴¹

142 1481 255 1534 lucilius
262 1491 272 1544 J
282 1495 314 1533 ae
325 1495 358 1533 se
367 1480 476 1534 aliunde
486 1481 590 1536 similes
601 1487 710 1552 putent,
725 1482 833 1536 sivitin
840 1497 957 1551 mugno-

51 1605 56 1613 ,
142 1567 206 1608 rum
218 1557 431 1618 consequantur.
520 1591 524 1598 ·

161 1611 170 1626 ⁸
194 1621 239 1675 26.
259 1620 389 1674 Modesto
409 1627 503 1676 tamen
524 1623 553 1676 et
572 1621 773 1692 circumspecto
793 1621 903 1676 iudicio
919 1622 953 1676 ds

141 1691 228 1748 tentis
246 1691 314 1744 viris
326 1693 563 1760 pronunciandum
575 1700 632 1756 est,
655 1711 705 1756 ne,
727 1694 800 1764 quod
813 1694 953 1762 plerisque

142 1758 260 1824 sceldii}
267 1761 398 1816 damnent
407 1777 479 1829 quae
490 1779 543 1816 non
554 1763 724 1832 intelligunt.
751 1767 791 1816 Ac
801 1765 827 1815 si
837 1779 953 1816 uecemu

142 1832 226 1884 estin
238 1832 356 1884 alterum
370 1845 464 1887 errare
475 1840 600 1900 purtem,
620 1834 715 1886 omnio
726 1849 823 1886 eorum
834 1833 953 1900 legenti·

139 1903 193 1961 ltus
205 1903 324 1970 plaeere²
336 1918 418 1972 quum
431 1901 520 1954 multa
533 1903 694 1970 displicere,
706 1903 862 1974 maluerim.

178 1968 236 2024 Ἢ.
258 1972 410 2024 Plurimum
430 1972 499 2025 dicit
515 1974 622 2026 oratori
643 1969 952 2038 conferre''l'heophra·

138 2043 201 2096 stus
211 2041 361 2094 lectionem
371 2043 531 2110 potitamm:
548 2043 684 2108 multique
697 2043 755 2095 eius
766 2041 899 2094 iudicium
910 2058 952 2102 se

141 2118 276 2186 qrsuntur:
290 2127 378 2178 neque
388 2113 536 2166 immerito.
553 2113 679 2181 Numque
691 2115 725 2166 ab
737 2112 780 2164 his
793 2118 822 2164 et
831 2111 951 2164 inrebus

83 2211 84 2215 =
141 2181 266 2249 spiritus,
287 2185 315 2233 et
325 2181 355 2231 in
365 2182 456 2235 verbis
467 2183 633 2246 sublimitas,
652 2189 680 2240 et
692 2183 721 2234 in
734 2183 883 2248 aflectibus
895 2195 951 2234 mo·

29 2247 39 2262 ¹
124 2259 189 2304 =tus
202 2251 301 2312 omnis,
313 2256 340 2302 et
352 2253 380 2302 in
390 2255 517 2319 personis
527 2251 613 2306 deeor
622 2253 736 2319 petitur,
748 2251 951 2320 praecipueque

142 2321 221 2376 velut
231 2322 332 2372 attritu
343 2323 508 2388 quotidiano
520 2328 584 2375 nutu
597 2322 703 2375 lorensi
713 2322 835 2390 ingenio,
846 2321 952 2388 optime

142 2393 236 2460 ierunt
254 2391 351 2442 talium
368 2391 506 2446 blanditie
517 2399 692 2460 reparentur.
728 2391 851 2460 ideoque
862 2391 891 2442 in
902 2390 954 2442 huo

143 2461 265 2514 lectione
276 2459 374 2512 Cicero
387 2462 615 2530 requiescendum
626 2467 717 2528 putat.
753 2461 797 2514 28.
819 2461 953 2514 Memine-

88 2533 93 2540 '
143 2531 230 2584 rimus
241 2537 352 2593 tomen,
373 2547 427 2582 non
443 2547 493 2598 per
503 2531 597 2584 omnis
607 2535 706 2598 poitss
717 2530 778 2584 esse
790 2530 901 2582 oratori
911 2544 953 2582 se·

146 2600 278 2670 quondos,
290 2615 341 2654 neo
351 2600 652 2664 libertate'rerborum
662 2617 713 2654 neo
725 2599 954 2666 lieentia-ligura·

115 2689 117 2696 ·
146 2685 227 2743 rutup-
241 2685 327 2746 pnnus
340 2671 523 2748 ostentationi
534 2678 736 2746 conmutatum,
749 2676 778 2734 et
787 2673 904 2744 praeter
914 2667 953 2734 id,
