2054 3076
8 119 48 134 ’·
141 129 197 192 sm
271 83 797 198 -on-u-assoour'u‘riorsuu

36 271 39 278 ι
63 246 67 254 ’
144 231 514 306 beresidesnturlideoque
529 241 557 291 in
568 237 665 291 metris
675 236 888 306 mnneshreres
902 235 973 289 lon-

99 325 104 332 ·
145 323 253 379 guoque
263 309 336 361 inter
345 323 376 361 se
387 310 518 362 obsessae
528 315 593 360 sunt
604 323 685 376 pares
696 309 721 370 >3
746 309 843 360 ‘lateat
857 311 973 359 tamen

146 380 243 432 nescio
254 379 334 446 quid,
346 381 420 446 quod
429 381 567 448 supersit,
580 384 628 430 aut
640 377 722 430 desit.
743 377 814 429 Nem
824 391 972 429 versuum

144 449 261 518 propris
274 449 398 507 conditio
409 456 465 513 est,
494 449 615 516 ideoque
624 449 654 499 in
664 445 709 498 his
721 447 856 514 quaedam
872 450 970 498 etiam

69 524 74 540 ¹
147 531 315 571 communes.
325 517 369 570 85.
382 520 496 574 Veritas
507 535 589 588 vero,
599 519 667 586 qnia
677 517 784 586 patitur
796 531 891 583 aeque
902 518 972 568 hre-

35 629 41 641 Ι
143 603 207 641 rem
219 603 281 642 csse
293 587 337 640 rel
347 589 459 658 longum
471 589 610 658 recalent,
627 603 710 655 quum
722 595 765 639 est
776 587 851 648 sol's,
876 599 969 652 quarn

71 687 74 698 ι
147 672 233 727 quum
253 673 315 712 earn
336 665 523 712 consonantes
542 673 598 710 una
617 659 746 724 pluresue
770 657 968 724 praecedunt:
1021 661 1026 668 '

146 733 223 780 certe
232 728 262 779 in
270 728 443 782 dimensione
455 729 556 798 pedum
569 730 694 797 syllaba,
716 729 787 794 quse
799 732 843 778 est
853 726 967 787 brevis,

145 798 366 866 insequentem!
376 797 454 851 brevi
469 799 546 862 elia,
560 815 631 868 quae
651 805 745 850 tamen
757 797 829 849 duas
849 795 965 863 primas

145 873 333 922 consonantes
344 867 460 932 haheat,
483 871 622 938 fitlougn:
643 873 684 932 ut,

166 969 325 1044 dmentem
336 971 413 1028 tenui
424 989 528 1027 musam
542 969 682 1026 meditaris
693 986 788 1026 oceno.
825 959 828 966 ⁴

145 1073 190 1130 86.
206 1075 348 1141 Abreris,
363 1095 417 1148 gre
427 1078 533 1142 brevis,
553 1077 744 1130 iacietamen
756 1077 868 1144 longam
880 1073 961 1142 prio·

32 1185 76 1204 ,.
142 1159 214 1198 rem,
232 1147 309 1199 Doti
330 1150 386 1200 itur
397 1149 439 1200 illi
450 1149 557 1216 aliquid
569 1164 603 1200 ex
614 1163 664 1200 suo
676 1155 885 1216 tensporetquo
898 1159 961 1196 rno-
1013 1141 1017 1153 ⁴

133 1217 201 1279 ·do,
217 1217 270 1268 nisi
282 1164 366 1270 hahet
377 1219 452 1285 plus,
482 1233 647 1286 quamquac
658 1217 838 1279 breuissima,
864 1214 960 1282 qualis
992 1257 1005 1282 ,
1025 1223 1026 1226 ’

139 1287 210 1354 ‘ipsa
219 1292 293 1354 esset
304 1288 439 1340 detractis
450 1289 686 1354 consonantibus!
702 1288 874 1340 Nuncuoum
887 1289 957 1336 tenr-

144 1369 198 1424 pus
210 1357 403 1408 ummmmodat
414 1357 514 1423 priori,
535 1363 563 1410 et
574 1373 660 1408 unum
672 1359 776 1424 occipit
785 1369 804 1408 n
813 1359 957 1426 sequente,

133 1427 187 1477 dtu
203 1424 275 1497 duae
290 1431 392 1478 natura
403 1427 532 1492 *hreresf
546 1428 687 1496 positione
709 1433 774 1481 sunt
796 1433 955 1494 temporam

146 1501 276 1563 quatuor.
350 1525 355 1533 ·
483 1525 487 1534 ·
632 1524 636 1534 ‹
805 1519 807 1526 ⁴

42 1622 48 1632 ,
117 1610 118 1615 ,
199 1565 242 1617 87.
261 1565 455 1619 Mirorsutsnr
466 1566 495 1618 in
505 1565 558 1619 hac
569 1567 700 1634 opinione
716 1563 894 1618 doctissimos
905 1563 955 1616 ho·
990 1605 996 1610 .

146 1633 346 1698 minesfsisse,
373 1641 406 1687 ut
419 1637 638 1704 eliospedesita
650 1639 798 1704 eligerent,
827 1633 955 1702 aliosque

147 1703 324 1768 dumnnrent,
345 1707 427 1773 quasi
437 1709 510 1758 ullus
521 1713 610 1770 esset,
634 1721 714 1774 quem
726 1721 781 1757 non
792 1704 830 1756 sit
841 1719 954 1758 necesse

145 1775 176 1826 in
189 1775 318 1827 oratione
328 1775 508 1842 deprehendi.
544 1779 626 1830 Licet
639 1779 729 1845 igitur
737 1787 847 1842 pneuno
856 1789 953 1842 sequa·

146 1851 194 1910 tur
204 1844 348 1912 Ephorus,
369 1847 511 1905 inventum
526 1863 543 1899 a
557 1846 784 1917 Thrasymacho,
804 1846 952 1912 probatum

145 1915 182 1966 ab
193 1915 361 1979 Aristotele,
372 1915 584 1986 dactylumque,
595 1924 628 1970 ut
635 1917 852 1986 temperatiores
864 1914 951 1968 breri-

147 1986 237 2037 busac
245 1985 350 2054 longis3
362 1987 404 2038 88.
411 1986 663 2054 lugiatspondeum
671 1995 700 2038 et
706 1985 952 2048 trochaeummlte·

1 2097 2 2100 ,
37 2103 44 2114 ,Δ
70 2094 74 2104 .
146 2055 206 2106 rius
216 2054 365 2117 tarditate,
384 2057 502 2108 alterius
513 2059 661 2112 celeritate
673 2055 824 2122 damnata3
843 2055 951 2118 herous,

146 2125 195 2191 qui
205 2130 248 2176 est
265 2123 339 2178 idern
355 2123 498 2194 dactylos,
526 2128 674 2180 Aristoteli
691 2127 826 2194 amplior,
845 2125 950 2178 inmhns

135 2193 447 2260 -hurnnniorvideatun
477 2197 639 2250 trochaeum
655 2197 782 2250 utnimis
798 2197 950 2248 currentem
986 2219 989 2224 ·

71 2269 75 2274 '
147 2263 274 2334 simones,
295 2263 376 2332 eique
387 2266 520 2320 cordacis·
531 2285 631 2320 nornen
645 2267 794 2338 imponut3v
805 2265 951 2332 eodemque
971 2315 974 2322 ,
1018 2277 1026 2340 ;

47 2361 50 2369 ν
148 2334 243 2386 dicum
264 2334 440 2390 'l'hsodeotes
463 2355 496 2390 ae
511 2339 741 2405 Theophrastus,
773 2335 878 2390 similia
892 2340 952 2404 post
1020 2357 1026 2376 a

80 2454 85 2470 ,
149 2403 949 2478 eosllalicnrnasseusDionysins:Siln'rrumpentctiamad
984 2425 990 2433 ·

147 2475 262 2552 inritos,
298 2491 350 2528 nec
372 2493 481 2546 semper
501 2480 559 2531 illis
580 2479 679 2544 heroo,
708 2484 759 2530 nort
774 2489 948 2546 paeonesuo,
1025 2481 1026 2488 ’

82 2565 86 2572 ·
148 2558 248 2612 quem,
277 2547 345 2613 qnia
363 2563 473 2600 versum
491 2565 556 2602 raro
577 2550 660 2612 facit,
691 2550 814 2602 maxime
829 2547 948 2609 laudant,

146 2615 191 2666 uti
201 2615 306 2668 licebit.
342 2617 379 2670 Ut
397 2621 453 2672 sint
468 2627 561 2672 tanton
573 2621 635 2672 aliis
649 2620 698 2672 alii
709 2621 878 2683 crebriores,
896 2631 948 2671 non
1019 2647 1026 2686 ,

141 2685 361 2754 sorbaiscient,
392 2691 686 2762 quaensqneaugeri‚
716 2705 769 2746 nec
780 2687 879 2758 minui,
900 2700 949 2744 neo
1025 2697 1026 2704 ¹
