2042 3070
123 155 126 160 ·
167 141 221 206 sto
346 121 784 216 :connumeramus
809 165 838 211 .·
880 203 886 212 ,

170 242 426 314 motmunt,
444 249 585 312 ultimos,
599 247 690 314 suits,
704 249 793 302 totius
802 243 967 318 proprisit-

171 330 204 376 ttt
214 320 350 390 eorporis,
368 320 537 388 inardescat.
571 317 599 372 ³.
610 315 694 388 Nam
707 333 791 384 quurn
802 319 873 374 hacc
884 319 967 375 omnin

172 390 333 458 fecerimus,
355 390 454 444 felices
476 397 586 456 temen,
604 387 632 439 si·
646 393 774 448 nostrum
790 389 873 444 illusa
884 391 967 458 ignea

169 460 258 514 iudex
268 460 441 528 conceperit:
463 457 564 512 nedum
580 473 643 512 eum
653 455 748 526 supini
761 461 906 528 securique
917 474 967 512 uro·

56 589 59 596 Δ
167 545 299 592 namus,
322 545 356 582 oc
366 544 421 582 non
435 530 496 597 ipse
506 534 604 596 nostra
615 527 784 596 oscitatione
795 529 927 582 srrlvatur.
944 529 968 584 d

166 598 342 654 Documento
352 605 417 664 sunt
427 599 586 660 velenenioi
600 604 725 660 actores,
743 597 793 666 qui
804 604 843 672 *et
864 599 970 666 optimis

166 672 311 738 potiturum
330 675 440 722 tantum
460 667 596 720 adiiciunt
610 667 734 736 gratiae,
755 674 788 720 ut
804 683 857 720 nos
868 669 969 722 infinito

166 739 259 806 magis
269 737 365 791 eadem
376 739 427 792 illa
438 739 551 802 audito,
569 753 652 806 quam
664 737 753 802 lecta,
774 737 932 803 delectent3
947 743 972 792 et

167 807 310 874 rilissimis
322 809 406 861 etiam
419 807 583 878 quibusdam
594 807 746 876 impetrant
757 823 855 872 aures,
867 814 909 872 ut,
938 808 973 860 ui·

76 920 83 934 ,
166 879 219 932 bus
239 877 334 930 nullus
352 884 395 930 est
415 880 444 930 in
460 875 638 932 bibliothecis
654 877 745 941 locus,
765 877 805 930 sit
821 879 908 931 etiam
938 893 973 931 re·

168 961 256 1016 quens
267 948 297 999 in
308 945 436 1002 theatris.
472 947 498 1001 5.
520 945 626 1014 Quodsi
640 948 669 1000 in
687 949 786 1012 rebus,
808 964 879 1016 quas
900 949 972 1002 fictas

168 1017 343 1072 essescmus
354 1019 502 1082 itineres,
534 1023 642 1070 tantum
662 1018 860 1084 pronunciatio
877 1023 973 1084 potest,

166 1089 287 1151 miram,
298 1087 440 1154 lacrimas,
450 1087 669 1158 sollicitudinem
681 1087 790 1152 afferat,
802 1094 911 1156 quanto
919 1087 974 1156 plus

110 1176 118 1186 =
167 1157 262 1211 valeat
282 1169 394 1212 necesse
414 1166 472 1222 est,
493 1159 543 1210 uhi
558 1163 587 1210 et
602 1157 759 1210 credimuel
782 1157 924 1225 Equidem
935 1155 975 1222 nel

167 1227 341 1287 mediocrem
352 1230 526 1295 orationem,
540 1229 762 1282 commendatam
773 1229 883 1282 viribus
894 1227 974 1280 actio-

167 1298 228 1360 nis,
258 1297 454 1352 affirmaverim
470 1299 544 1364 *plus
569 1295 811 1366 habituramkesse
834 1297 973 1360 momenti,

167 1381 251 1434 ¹quam
262 1368 398 1433 optimam
408 1366 505 1420 eadem
517 1367 570 1418 illa
580 1365 756 1420 destitutam:
779 1367 807 1420 fi.
835 1365 975 1436 Siquidem

167 1442 198 1488 ct
206 1433 420 1500 Demosthenes,
432 1435 497 1504 quid
509 1442 584 1490 esset
594 1436 622 1488 in
633 1441 694 1490 toto
706 1436 816 1490 dicendi
828 1452 916 1504 opere
927 1437 976 1504 prl-

167 1519 257 1567 ruunr,
287 1505 492 1575 interrogatus,
511 1507 746 1573 pronunciationt
757 1506 882 1574 palmam
890 1503 977 1569 'dedit

167 1573 316 1642 eidemque
329 1575 483 1628 secuudum
496 1591 529 1630 ac
538 1576 656 1628 tertium
672 1575 779 1640 locum,
789 1575 882 1630 donec
898 1574 933 1630 ab
945 1591 975 1638 eo

167 1645 267 1712 quaeri
290 1643 442 1700 desineret:
461 1651 493 1698 ut
509 1660 570 1700 eam
589 1643 677 1698 videri
691 1653 788 1714 posset
803 1663 862 1698 non
874 1645 977 1714 praeci·

167 1723 261 1782 pusm,
270 1715 319 1767 sed
329 1715 419 1767 solam
429 1713 585 1768 iudicasse:
607 1718 631 1768 1.
643 1715 762 1784 ideoque
781 1715 976 1784 ipsetamdili·

166 1790 265 1854 genter
276 1783 349 1853 apud
359 1785 546 1840 Andronicum
557 1785 585 1838 Η
626 1779 733 1838 o'criton
743 1783 868 1848 studuit,
891 1783 977 1844 uted·

167 1923 277 1978 echinos
299 1925 404 1978 dixisse
425 1923 568 1988 videatur,
587 1923 655 1992 quid
669 1923 694 1978 si
706 1925 796 1994 ipsunt
812 1923 977 1980 audissetis!

164 1983 204 2060 Et
220 1993 258 2046 M.
275 1995 373 2048 Cicero
390 2010 472 2048 unam
488 1996 516 2046 in
533 1995 650 2048 dicendo
670 1997 811 2048 actionem
836 1994 978 2064 dominnrl

165 2067 257 2130 putat.
293 2065 317 2132 8.
339 2065 402 2118 Hae
422 2065 471 2116 Cu.
487 2063 637 2130 Lentulum
655 2064 717 2134 plus
729 2063 872 2132 opinionis
885 2078 976 2116 conse·

165 2139 377 2202 eumnnpuam
398 2133 444 2186 clo
465 2135 575 2198 uentia,
595 2135 695 2188 tradit:
717 2134 816 2188 eadem
838 2135 870 2188 C.
895 2134 976 2186 Grac·

102 2246 105 2255 ff
166 2201 246 2256 slrurn
263 2201 292 2254 in
308 2203 435 2257 deflenda
447 2150 548 2258 histris
566 2220 634 2257 nece
647 2205 845 2272 totius'populi
857 2201 976 2256 Romani

165 2269 296 2326 lacrimas
315 2274 487 2326 concitasse:
508 2281 537 2326 et
551 2274 700 2326 Antonium
717 2281 745 2326 et
760 2275 896 2326 Crassum
909 2269 976 2324 mul·

165 2406 210 2464 ius
221 2413 263 2465 rei
274 2411 342 2465 fides
354 2419 412 2480 est,
433 2413 509 2482 quod
525 2413 585 2466 eius
596 2407 701 2482 scripta
714 2419 827 2466 tantum
843 2413 925 2464 intra
940 2409 976 2462 ht·

165 2495 238 2543 mam
257 2488 333 2546 sunt,
365 2497 420 2550 qun
436 2483 483 2535 diu
498 2483 626 2553 princeps
643 2490 802 2550 oratorum,
822 2477 975 2550 aliquando
1015 2493 1018 2542 ,³

164 2549 294 2620 penrulus,
305 2551 448 2606 Ciceronis
459 2553 636 2606 existimatus
647 2552 698 2616 est,
709 2553 872 2618 novissime,
886 2545 977 2620 quoad

165 2621 250 2684 vixit,
268 2621 417 2675 eemundus:
454 2628 486 2674 ut
497 2629 646 2692 apparent,
666 2623 805 2691 placuisse
818 2621 976 2690 aliquidne

166 2691 291 2764 desum,
310 2691 386 2764 quod
404 2691 531 2762 legentes
549 2709 604 2748 non
622 2691 784 2769 invenimus.
810 2691 847 2766 Ι9.
869 2691 911 2746 Et
922 2689 979 2753 her,-

78 1908 98 1922 ,,
163 1855 332 1919 mirantibus
343 1858 403 1908 eius
415 1841 570 1910 orationem
607 1855 976 1909 hodiisnonimmeritote
1018 1915 1019 1920 Ἰ

1013 2259 1018 2300 l

68 2339 70 2348 '
98 2335 102 2343 ’
164 2349 225 2394 tum
238 2338 373 2407 saluisse,
394 2344 545 2410 plurimum
556 2359 622 2396 vero
635 2345 668 2408 Q.
692 2343 890 2396 Hortensium.
928 2342 975 2393 Gu-
1016 2381 1018 2394 .

998 2397 1018 2446 .l

1008 2616 1017 2686 ⁵t

1015 2703 1017 2726 l

1015 2739 1017 2752 t
